@inproceedings{Singh2012DiscPat,
  author = {Singh S., Gupta A. and Efros A.},
  title = {Unsupervised Discovery of Mid-level Discriminative Patches},
  booktitle={European Conference on Computer Vision},
  year = {2012},
  eprint= {1205.3137},
  archivePrefix = {arXiv},
  primaryClass = {cs.CV},
  url = {http://arxiv.org/abs/1205.3137},
}

@proceedings{Lazebnik2006SpatialPyr,
  author = {Lazebnik S., Schmid C., Ponce J.},
  title = {Beyond bags of features: Spatial pyramid matching for recognizing natural scene categories},
  booktitle = {CVPR},
  year = {2006}
}

@proceedings{Li2010ObjectBank,
  author = {Li L.J, Su H., Xing E., Fei-fei L.},
  title = {Object bank: A high-level image representation for scene classification and semantic feature sparsification},
  booktitle = {NIPS},
  year = {2010}
}

@proceedings{Pandey2011PartBased,
  author = {Pandey M. and Lazebnik S.},
  title = {Scene recognition and weakly supervised object localization with deformable part-based models},
  booktitle = {ICCV},
  year = {2011},
}

@proceedings{MITIndoor,
  author = {Quattoni A., Torralba A.},
  title = {Recognizing indoor scenes},
  booktitle = {CVPR},
  year = {2009}
}

@proceedings{Ulman2002VisualFeatures,
  author = {Ullman S., Vidal-Naquet E.},
  title = {Visual features of intermediate complexity and their use in classifiction},
  booktitle = {NATURE AMERICA},
  year = {2002}
}

@proceedings{Lowe2004SIFT,
  author = {Lowe D.},
  title = {Distinctive image features from scale-invariant keypoints},
  booktitle = {IJCV},
  year = {2004}
}

@article{doersch2012what,
  title = {What Makes Paris Look like Paris?},
  author = {Carl Doersch and Saurabh Singh and Abhinav Gupta and Josef Sivic and Alexei A. Efros},
  journal = {ACM Transactions on Graphics (SIGGRAPH)},
  volume = {31},
  number = {4},
  year = {2012},
}

@proceedings{SUN2010,
  title = {SUN Database: Large-scale Scene Recognition from Abbey to Zoo},
  author= {J. Xiao, J. Hays, K. Ehinger, A. Oliva, and A. Torralba},
  booktitle= {IEEE Conference on Computer Vision and Pattern Recognition},
  year = {2010}
}

